<?xml version="1.0" encoding="UTF-8"?><collection xmlns="http://www.loc.gov/MARC21/slim"><record><leader>00514nam--2200181-i-4500</leader><controlfield tag="001">000010085</controlfield><controlfield tag="002">20161230</controlfield><controlfield tag="005">20161230201028</controlfield><controlfield tag="008">060222s1000------------r-----000-0-rus-d</controlfield><datafield ind1=" " ind2=" " tag="040"><subfield code="a">IFIN-HH</subfield></datafield><datafield ind1=" " ind2=" " tag="041"><subfield code="a">rus</subfield></datafield><datafield ind1=" " ind2=" " tag="080"><subfield code="a">539.14</subfield></datafield><datafield ind1="1" ind2=" " tag="110"><subfield code="a">Saratovskogo Universiteta</subfield></datafield><datafield ind1="1" ind2="0" tag="245"><subfield code="a">Hekotorie vopprosi fiziki iadra, elementarnih ceastit i iaderno-fiziceskih izmerenii</subfield><subfield code="b">Vipusk 1</subfield></datafield><datafield ind1=" " ind2=" " tag="260"><subfield code="a">Saratov</subfield><subfield code="b">Saratovkogo Universiteta</subfield><subfield code="c">1968</subfield></datafield><datafield ind1=" " ind2=" " tag="300"><subfield code="a">177P</subfield></datafield><datafield ind1=" " ind2=" " tag="852"><subfield code="a">33724</subfield><subfield code="c">539.14</subfield></datafield><datafield ind1=" " ind2=" " tag="CAT"><subfield code="a">Sys</subfield><subfield code="c">20120327</subfield><subfield code="h">160523</subfield></datafield></record></collection>